@article{naylor1997variability,
  title={Variability and growth in grain yields, 1950-94: does the record point to greater instability?},
  author={Naylor, Rosamond and Falcon, Walter and Zavaleta, Erika},
  journal={Population and Development Review},
  pages={41--58},
  year={1997},
  publisher={JSTOR}
}

@article{ord1975estimation,
  title={Estimation methods for models of spatial interaction},
  author={Ord, Keith},
  journal={Journal of the American Statistical Association},
  volume={70},
  number={349},
  pages={120--126},
  year={1975},
  publisher={Taylor \& Francis Group}
}


@misc{EnvirCan,
    author = {{Environment Canada}},
    title = {Canadian Weather Radar},
note={Available at: https://weather.gc.ca/radar/index_e.html}
year={2016}
    }

@article{cochrane1949application,
  title={Application of least squares regression to relationships containing auto-correlated error terms},
  author={Cochrane, Donald and Orcutt, Guy H},
  journal={Journal of the American statistical association},
  volume={44},
  number={245},
  pages={32--61},
  year={1949},
  publisher={Taylor \& Francis}
}

@misc{CANirrigation,
    author = {{Statistics Canada}},
    title = {Table 004-0210 - Census of Agriculture, irrigation in the year prior to the census, every 5 years},
note={CANSIM (database), accessed 24 August, 2016}
    }
    
@misc{CANcensus,
    author = {{Statistics Canada}},
    title = {Table 004-0001 - Census of Agriculture, number and area of farms and farmland area by tenure, Canada and provinces every 5 years},
note={CANSIM (database), accessed 24 August, 2016}
    }
    
@misc{CANy,
    author = {{Statistics Canada}},
    title = {Table 001-0017 - Estimated areas, yield, production, average farm price and total farm value of principal field crops, in imperial units, annual},
note={CANSIM (database), accessed 7 July, 2016}
    }
    
    @misc{NASSy,
    author = {{National Agricultural Statistics Service}},
    title = {Table - Iowa State Corn Yield (bu/acre) },
note={Quick Stats (database), accessed 7 July, 2016}
    }
    
@article{chen2004yield,
  title={Yield variability as influenced by climate: a statistical investigation},
  author={Chen, Chi-Chung and McCarl, Bruce A and Schimmelpfennig, David E},
  journal={Climatic Change},
  volume={66},
  number={1-2},
  pages={239--261},
  year={2004},
  publisher={Springer}
}

@article{smith2001nutrient,
  title={Nutrient losses by surface run-off following the application of organic manures to arable land. 1. Nitrogen},
  author={Smith, KA and Jackson, DR and Pepper, TJ},
  journal={Environmental Pollution},
  volume={112},
  number={1},
  pages={41--51},
  year={2001},
  publisher={Elsevier}
}

@article{rosenzweig2002increased,
  title={Increased crop damage in the US from excess precipitation under climate change},
  author={Rosenzweig, Cynthia and Tubiello, Francesco N and Goldberg, Richard and Mills, Evan and Bloomfield, Janine},
  journal={Global Environmental Change},
  volume={12},
  number={3},
  pages={197--202},
  year={2002},
  publisher={Elsevier}
}

@article{southworth2000consequences,
  title={Consequences of future climate change and changing climate variability on maize yields in the midwestern United States},
  author={Southworth, Jane and Randolph, JC and Habeck, M and Doering, OC and Pfeifer, RA and Rao, D Gangadhar and Johnston, JJ},
  journal={Agriculture, Ecosystems \& Environment},
  volume={82},
  number={1},
  pages={139--158},
  year={2000},
  publisher={Elsevier}
}

@article{hansen1991farmer,
  title={Farmer response to changes in climate: the case of corn production},
  author={Hansen, LeRoy and others},
  journal={Journal of Agricultural Economics Research},
  volume={43},
  number={4},
  pages={18--25},
  year={1991},
  publisher={United States Department of Agriculture, Economic Research Service}
}

@article{schlenker2009nonlinear,
  title={Nonlinear temperature effects indicate severe damages to US crop yields under climate change},
  author={Schlenker, Wolfram and Roberts, Michael J},
  journal={Proceedings of the National Academy of sciences},
  volume={106},
  number={37},
  pages={15594--15598},
  year={2009},
  publisher={National Acad Sciences}
}

@article{tan2003impacts,
  title={Impacts of recent climate trends on agriculture in southwestern Ontario},
  author={Tan, CS and Reynolds, WD},
  journal={Canadian Water Resources Journal},
  volume={28},
  number={1},
  pages={87--97},
  year={2003},
  publisher={Taylor \& Francis}
}

@article{drury1995long,
  title={Long-term (35 years) effects of fertilization, rotation and weather on corn yields},
  author={Drury, CF and Tan, CS},
  journal={Canadian Journal of Plant Science},
  volume={75},
  number={2},
  pages={355--362},
  year={1995},
  publisher={NRC Research Press}
}

@article{edgerton2009increasing,
  title={Increasing crop productivity to meet global needs for feed, food, and fuel},
  author={Edgerton, Michael D},
  journal={Plant physiology},
  volume={149},
  number={1},
  pages={7--13},
  year={2009},
  publisher={Am Soc Plant Biol}
}

@article{duvick2005contribution,
  title={The contribution of breeding to yield advances in maize (Zea mays L.)},
  author={Duvick, Donald N},
  journal={Advances in agronomy},
  volume={86},
  pages={83--145},
  year={2005},
  publisher={Elsevier}
}



@phdthesis{li2014climate,
  title={Climate Change and Crop Production Insurance in Ontario},
  author={Li, Shuang},
  year={2014}
}

@Misc{Agri2014,
author = {{Agricorp Ltd.}},
title = {Production Insurance Plan Overview - Grains and Oilseeds},
howpublished = {Online},
year = {2014},
note = {Available at: http://www.agricorp.com/SiteCollectionDocuments/PI-Overview-GrainsAndOilseeds-en.pdf}
}

@Misc{Agri2013,
author = {{Agricorp Ltd.}},
title = {Floating Claim Prices Set for Corn and Soybeans},
howpublished = {Online},
year = {2013},
note = {Available at: http://www.agricorp.com/en-ca/News/Pages/PI-FloatingClaimPrices-CornSoy-2013.aspx}
}

@Misc{NCIS,
author = {{National Crop Insurance Service}},
title = {Crop Insurance in America},
howpublished = {Online},
note = {http://www.cropinsuranceinamerica.org/about-crop-insurance/just-the-facts/page/2/#.WEiEQ-YrI2w}
}

@Misc{ISU,
author = {Alejandro Plastina},
title = {Proven Yields and Insurance Units for Crop Insurance},
howpublished = {Online},
note = {Available at: https://www.extension.iastate.edu/agdm/crops/html/a1-55.html}
}


@article{cabas2010crop,
  title={Crop yield response to economic, site and climatic variables},
  author={Cabas, Juan and Weersink, Alfons and Olale, Edward},
  journal={Climatic Change},
  volume={101},
  number={3-4},
  pages={599--616},
  year={2010},
  publisher={Springer}
}

@article{kucharik2006multidecadal,
  title={A multidecadal trend of earlier corn planting in the central USA},
  author={Kucharik, Christopher J},
  journal={Agronomy Journal},
  volume={98},
  number={6},
  pages={1544--1550},
  year={2006},
  publisher={American Society of Agronomy}
}

@article{gupta1985predicting,
  title={Predicting corn planting dates for moldboard and no-till tillage systems in the Corn Belt},
  author={Gupta, SC},
  journal={Agronomy Journal},
  volume={77},
  number={3},
  pages={446--455},
  year={1985},
  publisher={American Society of Agronomy}
}

@article{swan1990corn,
  title={Corn yield response to water stress, heat units, and management: model development and calibration},
  author={Swan, JB and Staricka, JA and Shaffer, MJ and Paulson, WH and Peterson, AE},
  journal={Soil Science Society of America Journal},
  volume={54},
  number={1},
  pages={209--216},
  year={1990},
  publisher={Soil Science Society of America}
}

@article{ozkan2002impacts,
  title={Impacts of climate factors on yields for selected crops in the Southern Turkey},
  author={Ozkan, Burhan and Akcaoz, Handan},
  journal={Mitigation and Adaptation Strategies for Global Change},
  volume={7},
  number={4},
  pages={367--380},
  year={2002},
  publisher={Springer}
}

@book{neild1987growing,
  title={Growing season characteristics and requirements in the Corn Belt},
  author={Neild, Ralph E and Newman, James E},
  year={1987},
  publisher={Cooperative Extension Service, Purdue University}
}

@article{snyder1985hand,
  title={Hand calculating degree days},
  author={Snyder, RL},
  journal={Agricultural and forest meteorology},
  volume={35},
  number={1},
  pages={353--358},
  year={1985},
  publisher={Elsevier}
}

@article{roberts2012agronomic,
  title={Agronomic weather measures in econometric models of crop yield with implications for climate change},
  author={Roberts, Michael J and Schlenker, Wolfram and Eyer, Jonathan},
  journal={American Journal of Agricultural Economics},
  pages={aas047},
  year={2012},
  publisher={Oxford University Press}
}

@article{tolhurst2015cold,
  title={Adapting Agronomic Metrics to Climate-Yield Models
in Northern Latitudes: The Importance of Cold
Temperature Stress},
  author={Tolhurst, Tor N and Ker, Alan P},
  year={2015}
}

@article{tolhurst2014technological,
  title={On technological change in crop yields},
  author={Tolhurst, Tor N and Ker, Alan P},
  journal={American Journal of Agricultural Economics},
  pages={aau082},
  year={2014},
  publisher={Oxford University Press}
}

@article{urban2015impacts,
  title={The impacts of future climate and carbon dioxide changes on the average and variability of US maize yields under two emission scenarios},
  author={Urban, Daniel W and Sheffield, Justin and Lobell, David B},
  journal={Environmental Research Letters},
  volume={10},
  number={4},
  pages={045003},
  year={2015},
  publisher={IOP Publishing}
}

@Misc{OMAFRA,
author = {OMAFRA},
title = {Corn: Development},
howpublished = {http://www.omafra.gov.on.ca/english/crops/pub811/1corn.htm},
month = {April},
year = {2009}
}

@Misc{OMAFRAplant,
author = {OMAFRA},
title = {Corn: Planting},
howpublished = {http://www.omafra.gov.on.ca/english/crops/pub811/1planting.htm},
month = {April},
year = {2009}
}

@Misc{OMAFRAhybrid,
author = {OMAFRA},
title = {Corn: Hybrid Selection},
howpublished = {http://www.omafra.gov.on.ca/english/crops/pub811/1hybrid.htm},
month = {April},
year = {2009}
}

@article{dixon1994estimating,
  title={Estimating corn yield response models to predict impacts of climate change},
  author={Dixon, Bruce L and Hollinger, Steven E and Garcia, Philip and Tirupattur, Viswanath},
  journal={Journal of Agricultural and resource economics},
  pages={58--68},
  year={1994},
  publisher={JSTOR}
}

@article{lobell2014greater,
  title={Greater sensitivity to drought accompanies maize yield increase in the US Midwest},
  author={Lobell, David B and Roberts, Michael J and Schlenker, Wolfram and Braun, Noah and Little, Bertis B and Rejesus, Roderick M and Hammer, Graeme L},
  journal={Science},
  volume={344},
  number={6183},
  pages={516--519},
  year={2014},
  publisher={American Association for the Advancement of Science}
}




@article{urban2012projected,
  title={Projected temperature changes indicate significant increase in interannual variability of US maize yields},
  author={Urban, Daniel and Roberts, Michael J and Schlenker, Wolfram and Lobell, David B},
  journal={Climatic change},
  volume={112},
  number={2},
  pages={525--533},
  year={2012},
  publisher={Springer}
}

@misc{lee2007corn,
  title={Corn growth and development},
  author={Lee, Chad},
  year={2007},
 howpublished = {Online},
note = {Available at: https://graincrops.ca.uky.edu/files/corn/CornGrowthStages_2011.pdf} 
}

@article{hanway1966corn,
  title={How a corn plant develops.},
  author={Hanway, John J and others},
  journal={Spec. Rep. 48 Iowa State Univ. Sci. Technol.},
  year={1966}
}

@Misc{edwards2012insurance,
author = {William Edwards},
title = {Important Crop Insurance Dates},
howpublished = {Online},
note={Available at: https://www.extension.iastate.edu/agdm/crops/html/a1-50.html},
month = {February},
year = {2012}
}

@Misc{Agri2016dates,
author = {{Agricorp Ltd.}},
title = {2016 Planting deadlines: Spring-seeded grains and oilseeds},
howpublished = {Online},
note={Available at: http://www.agricorp.com/SiteCollectionDocuments/PID-PlantingDates-SpringGandO-en.pdf},
year = {2016}
}

@Misc{AgriPlant,
author = {{Agricorp Ltd.}},
title = {2016 Planting deadlines: Spring-seeded grains and oilseeds},
howpublished = {Online},
note={Available at: http://www.agricorp.com/SiteCollectionDocuments/PID-PlantingDates-SpringGandO-en.pdf},
year = {2016}
}

@TechReport{Freese2009,
author = {Barbara Freese},
title = {Confronting Climate Change in the U.S. Midwest - Iowa.},
institution = {Union of Concerned Scientists},
year = {2009},
howpublished = {Online},
note = {Available at: http://www.ucsusa.org/sites/default/files/legacy/assets/documents/global_warming/climate-change-iowa.pdf}

}

@article{rajagopalan1999k,
  title={A k-nearest-neighbor simulator for daily precipitation and other weather variables},
  author={Rajagopalan, Balaji and Lall, Upmanu},
  journal={Water resources research},
  volume={35},
  number={10},
  pages={3089--3101},
  year={1999},
  publisher={Citeseer}
}

@article{rajagopalan1997multivariate,
  title={Multivariate nonparametric resampling scheme for generation of daily weather variables},
  author={Rajagopalan, B and Lall, U and Tarboton, DG and Bowles, DS},
  journal={Stochastic Hydrology and Hydraulics},
  volume={11},
  number={1},
  pages={65--93},
  year={1997},
  publisher={Springer}
}

@Misc{IPCCscenarios,
author = {IPCC},
title = {Working Group II: Impacts, Adaptation and Vulnerability - Chapter 3},
howpublished = {Online},
note = {Available at: http://www.ipcc.ch/ipccreports/tar/wg2/index.php?idp=154}
}



@article{ker2000nonparametric,
  title={Nonparametric estimation of crop insurance rates revisited},
  author={Ker, Alan P and Goodwin, Barry K},
  journal={American Journal of Agricultural Economics},
  volume={82},
  number={2},
  pages={463--478},
  year={2000},
  publisher={Oxford University Press}
}

@book{silverman1986density,
  title={Density estimation for statistics and data analysis},
  author={Silverman, Bernard W},
  volume={26},
  year={1986},
  publisher={CRC press}
}

@techreport{kerRMP2016,
  title={Canadian Business Risk Management Programs: Private Firms, Crown Corporations, and Public Institutions},
  author={Ker, Alan, and  Barnett, Barry, and Jaques, David, and Tolhurst, Tor},
  institution={Institute for the Advanced Study of Food and Agricultural Policy, University of Guelph},
  year={2016},
 type={Working Paper}
}

@article{tack2014heterogeneous,
  title={Heterogeneous effects of warming and drought on selected wheat variety yields},
  author={Tack, Jesse and Barkley, Andrew and Nalley, Lawton Lanier},
  journal={Climatic change},
  volume={125},
  number={3-4},
  pages={489--500},
  year={2014},
  publisher={Springer}
}

@article{coble2013we,
  title={Why do we subsidize crop insurance?},
  author={Coble, Keith H and Barnett, Barry J},
  journal={American Journal of Agricultural Economics},
  volume={95},
  number={2},
  pages={498--504},
  year={2013},
  publisher={Oxford University Press}
}

@article{goodwin2013harm,
  title={What harm is done by subsidizing crop insurance?},
  author={Goodwin, Barry K and Smith, Vincent H},
  journal={American Journal of Agricultural Economics},
  volume={95},
  number={2},
  pages={489--497},
  year={2013},
  publisher={Oxford University Press}
}

@article{williams2016soil,
  title={Soil Water Holding Capacity Mitigates Downside Risk and Volatility in US Rainfed Maize: Time to Invest in Soil Organic Matter?},
  author={Williams, Alwyn and Hunter, Mitchell C and Kammerer, Melanie and Kane, Daniel A and Jordan, Nicholas R and Mortensen, David A and Smith, Richard G and Snapp, Sieglinde and Davis, Adam S},
  journal={PloS one},
  volume={11},
  number={8},
  pages={e0160974},
  year={2016},
  publisher={Public Library of Science}
}

@inproceedings{lee2015topsoil,
  title={Topsoil Depth Effects on Crop Yields as Affected by Weather},
  author={Lee, Scott and Cruse, Richard},
  booktitle={EGU General Assembly Conference Abstracts},
  volume={17},
  pages={6577},
  year={2015}
}

@article{al2001soil,
  title={Soil erosion and crop productivity: topsoil thickness},
  author={Al-Kaisi, Mahdi},
  year={2001}
}


@misc{IowaSWCS,
title={State of Iowa's Soils, Can we stop the trend?},
author={Soil and Water Conservation Society, Iowa Chapter},
howpublished = {Online},
note = {Available at: http://iaswcs.org/wp-content/uploads/2014/04/State-of-Iowa\%E2\%80\%99s-Soils-Iowa-NRCS.pdf}
}

@misc{Guilpart
author = {Guilpart, Nicolas and Grassini,Patricio and Yang, Haishun and Cassman, Kennet}
title={Impact of root zone depth on yield gap
estimates and uncertainties in SSA}
howpublished = {Online},
note = {Available at: http://www.yieldgap.org/gygamaps/pdf/4th\%20GYGA\%20Workshop\%2014\%20-\%20Impact\%20of\%20rootzone\%20depth\%20on\%20yield\%20gap\%20analysis\%20in\%20SSA.pdf}
}